%@book{Knoll,
%	author = {Knoll, G. F.},
%	publisher = {Wiley},
%	title = {Radiation Detection and Measurement},
%	year = {2000}
%}

@article{Erdos1959,
	author = {Erdős, P. and Rényi, A.},
	title = {On random graphs I},
	journaltitle = {Publicationes Mathematicae Debrecen},
	pages = {290},
	volume = {6},
	year = {1959}
}

@article{Molloy1995,
	author = {Molloy, M. and Reed, B.},
	title = {A critical point for random graphs with a given degree sequence},
	journaltitle = {Random structures and algorithms},
	pages = {161},
	volume = {6},
	year = {1995}
}

@article{Watts1998,
	author = {Watts, J. and Strogatz, H.},
	title = {Collective dynamics of 'small-world' networks},
	journaltitle = {Nature},
	pages = {440},
	volume = {393},
	year = {1998}
}


@article{Barbalbert1999,
	author = {Barabasi, A. L. and Albert, R.},
	title = {Emergence of scaling in random nertowrks},
	journaltitle = {Science},
	pages = {509},
	volume = {286},
	year = {1999}
}


@article{Barbalbert2000,
	author = {Albert, R. and Jeong, H. and Barabasi, A. L.},
	title = {Error and attack tolerance of complex networks},
	journaltitle = {Nature},
	pages = {378},
	volume = {406},
	year = {2000}
}

@article{Barbalbert2002,
	author = {Albert, R. and Barabasi, A. L.},
	title = {Statistical mechanics of complex networks},
	journaltitle = {Reviews of modern physics},
	pages = {47},
	volume = {74},
	year = {2002}
}

@article{Cohen2000,
	author = {Cohen, R. and Erez, K. and ben-Avraham, D. and Havlin S.},
	title = {Resilience of the Internet to Random Breakdowns},
	journaltitle = {Physical Review letters},
	pages = {4626},
	volume = {85},
	year = {2000}
}

@article{Cohen2001,
	author = {Cohen, R. and Erez, K. and ben-Avraham, D. and Havlin S.},
	title = {Breakdown of the Internet under Intentional Attack},
	journaltitle = {Physical Review letters},
	pages = {3682},
	volume = {86},
	year = {2001}
}

@article{Motter2002,
	author = {Motter, A. E. and Lai, Y. C.},
	title = {Cascade-based attacks on complex networks},
	journaltitle = {Physical Review E},
	pages = {065102},
	volume = {66},
	year = {2002}
}


@online{mozilla,
	organization = {Mozilla Foundation},
	title = {Mozilla Location Service},
	url = {https://location.services.mozilla.com/}
}

@online{cellid,
	organization = {ENAiKOON},
	title = {OpenCellID},
	url = {http://opencellid.org/}
}